<record><leader>00000cas a2200000 a 4500</leader><controlfield tag="001">11703123</controlfield><controlfield tag="008">850216d19721972hiuwr ne      0    0eng d</controlfield><datafield ind1=" " ind2=" " tag="010"><subfield code="a">sn 85047021 </subfield></datafield><datafield ind1=" " ind2=" " tag="040"><subfield code="a">HUH</subfield><subfield code="b">eng</subfield><subfield code="c">HUH</subfield><subfield code="d">HWN</subfield><subfield code="d">OCL</subfield><subfield code="d">OCLCQ</subfield><subfield code="d">OCLCF</subfield><subfield code="d">OCLCO</subfield></datafield><datafield ind1=" " ind2=" " tag="042"><subfield code="a">msc</subfield></datafield><datafield ind1=" " ind2=" " tag="043"><subfield code="a">n-us-hi</subfield></datafield><datafield ind1="0" ind2="4" tag="245"><subfield code="a">The Honolulu sun press.</subfield></datafield><datafield ind1=" " ind2=" " tag="260"><subfield code="a">Kailua, Hawaii :</subfield><subfield code="b">Community Press Newspapers,</subfield><subfield code="c">1972.</subfield></datafield><datafield ind1=" " ind2=" " tag="300"><subfield code="a">1 v. :</subfield><subfield code="b">ill. ;</subfield><subfield code="c">59 cm.</subfield></datafield><datafield ind1=" " ind2=" " tag="310"><subfield code="a">Weekly</subfield></datafield><datafield ind1="0" ind2=" " tag="362"><subfield code="a">Vol. 1, no. 1 (Feb. 2, 1972)-v. 13, no. 42 (Nov. 1-Nov. 7, 1972).</subfield></datafield><datafield ind1=" " ind2=" " tag="515"><subfield code="a">With Feb. 23, 1972 issue, called v. 14, no. 4, adopts vol. numbering of the preceding title; with Apr. 5, 1972 issue, changes vol. numbering to v. 13.</subfield></datafield><datafield ind1=" " ind2=" " tag="515"><subfield code="a">Numerous errors in issue numbering.</subfield></datafield><datafield ind1=" " ind2=" " tag="580"><subfield code="a">"Formerly the Kalihi Press and West &amp; Central Sun Shoppers."</subfield></datafield><datafield ind1=" " ind2="0" tag="651"><subfield code="a">Honolulu (Hawaii)</subfield><subfield code="v">Periodicals.</subfield></datafield><datafield ind1=" " ind2="7" tag="655"><subfield code="a">Periodicals.</subfield><subfield code="2">fast</subfield><subfield code="0">(OCoLC)fst01411641</subfield></datafield><datafield ind1=" " ind2="7" tag="651"><subfield code="a">Hawaii</subfield><subfield code="z">Honolulu.</subfield><subfield code="2">fast</subfield><subfield code="0">(OCoLC)fst01204916</subfield></datafield><datafield ind1=" " ind2=" " tag="752"><subfield code="a">United States</subfield><subfield code="b">Hawaii</subfield><subfield code="c">Honolulu</subfield><subfield code="d">Kailua.</subfield></datafield><datafield ind1="1" ind2="0" tag="780"><subfield code="t">Kalihi press</subfield><subfield code="w">(DLC)sn 85047020</subfield><subfield code="w">(OCoLC)11703112</subfield></datafield></record>